<?xml version="1.0" encoding="UTF-8"?><collection xmlns="http://www.loc.gov/MARC21/slim"><record><leader>00329nam--2200121-i-4500</leader><controlfield tag="001">000040510</controlfield><controlfield tag="002">20161230</controlfield><controlfield tag="005">20161230201042</controlfield><controlfield tag="008">060222s1000------------r-----000-0-eng-d</controlfield><datafield ind1=" " ind2=" " tag="100"><subfield code="a">Schaffer Harold F</subfield></datafield><datafield ind1=" " ind2=" " tag="245"><subfield code="a">Microscopy for chemists</subfield></datafield><datafield ind1=" " ind2=" " tag="260"><subfield code="a">Princeton, New Jerswy, D.Van Nostrand Co.,1956. Viii + 264 P. + Fig</subfield></datafield><datafield ind1=" " ind2=" " tag="852"><subfield code="a">14866</subfield></datafield></record></collection>